<record><leader>00000cas a2200000 a 4500</leader><controlfield tag="001">11742756</controlfield><controlfield tag="008">850227d191u1964ksuwr ne      0   a0eng d</controlfield><datafield ind1=" " ind2=" " tag="010"><subfield code="a">sn 84030237 </subfield></datafield><datafield ind1=" " ind2=" " tag="040"><subfield code="a">KSH</subfield><subfield code="b">eng</subfield><subfield code="c">KSH</subfield><subfield code="d">NPT</subfield><subfield code="d">OCL</subfield><subfield code="d">OCLCQ</subfield></datafield><datafield ind1=" " ind2=" " tag="042"><subfield code="a">msc</subfield></datafield><datafield ind1="0" ind2="4" tag="245"><subfield code="a">The Fall River star.</subfield></datafield><datafield ind1=" " ind2=" " tag="260"><subfield code="a">Fall River, Kan. :</subfield><subfield code="b">John W. Gardner,</subfield><subfield code="c">-1964.</subfield></datafield><datafield ind1=" " ind2=" " tag="300"><subfield code="a">v. :</subfield><subfield code="b">ill. ;</subfield><subfield code="c">40-61 cm.</subfield></datafield><datafield ind1=" " ind2=" " tag="310"><subfield code="a">Weekly</subfield></datafield><datafield ind1="0" ind2=" " tag="362"><subfield code="a">-Dec. 11, 1964.</subfield></datafield><datafield ind1="1" ind2=" " tag="362"><subfield code="a">Began in 1915.</subfield><subfield code="z">Cf. Ayer, 1919.</subfield></datafield><datafield ind1=" " ind2=" " tag="500"><subfield code="a">Publisher varies.</subfield></datafield><datafield ind1=" " ind2=" " tag="500"><subfield code="a">"Republican." Cf. Ayer, 1919.</subfield></datafield><datafield ind1=" " ind2=" " tag="515"><subfield code="a">Numbering is irregular.</subfield></datafield><datafield ind1=" " ind2=" " tag="580"><subfield code="a">Issued with: Severyite, Aug. 4, 1955-Dec. 11, 1964.</subfield></datafield><datafield ind1=" " ind2=" " tag="588"><subfield code="a">Description based on: Vol. 2, no. 26 (Apr. 27, 1917).</subfield></datafield><datafield ind1=" " ind2=" " tag="752"><subfield code="a">United States</subfield><subfield code="b">Kansas</subfield><subfield code="c">Greenwood</subfield><subfield code="d">Fall River.</subfield></datafield><datafield ind1="1" ind2=" " tag="777"><subfield code="t">Severyite</subfield><subfield code="w">(DLC)sn 84030244</subfield></datafield><datafield ind1="0" ind2="4" tag="785"><subfield code="t">Severyite</subfield><subfield code="w">(DLC)sn 84030244</subfield></datafield></record>